%%%%%%%%%%%%%%%%%%%%%%%%%%%%
% retrosynthesis background
%%%%%%%%%%%%%%%%%%%%%%%%%%%%
@article{robinson1917lxiii,
	title={LXIII.—A synthesis of tropinone},
	author={Robinson, Robert},
	journal={Journal of the Chemical Society, Transactions},
	volume={111},
	pages={762--768},
	year={1917},
	publisher={Royal Society of Chemistry}
}
@article{corey1969computer,
	title={Computer-assisted design of complex organic syntheses},
	author={Corey, EJ and Wipke, W Todd},
	journal={Science},
	volume={166},
	number={3902},
	pages={178--192},
	year={1969},
	publisher={JSTOR}
}
@article{corey1967general,
	title={General methods for the construction of complex molecules},
	author={Corey, Elias J},
	journal={Pure and Applied chemistry},
	volume={14},
	number={1},
	pages={19--38},
	year={1967},
	publisher={De Gruyter}
}
@article{corey1985computer,
	title={Computer-assisted analysis in organic synthesis},
	author={Corey, Elias James and Long, Alan K and Rubenstein, Steward D},
	journal={Science},
	volume={228},
	number={4698},
	pages={408--418},
	year={1985},
	publisher={American Association for the Advancement of Science}
}
@article{segler2018planning,
	title={Planning chemical syntheses with deep neural networks and symbolic AI},
	author={Segler, Marwin HS and Preuss, Mike and Waller, Mark P},
	journal={Nature},
	volume={555},
	number={7698},
	pages={604--610},
	year={2018},
	publisher={Nature Publishing Group}
}
@article{collins2013robustness,
	title={A robustness screen for the rapid assessment of chemical reactions},
	author={Collins, Karl D and Glorius, Frank},
	journal={Nature chemistry},
	volume={5},
	number={7},
	pages={597},
	year={2013},
	publisher={Nature Publishing Group}
}


%%%%%%%%%%%%%%%%%%%%%%%%%%%%
% rule-based retrosynthesis
%%%%%%%%%%%%%%%%%%%%%%%%%%%%

@article{satoh1995sophia,
	title={SOPHIA, a knowledge base-guided reaction prediction system-utilization of a knowledge base derived from a reaction database},
	author={Satoh, Hiroko and Funatsu, Kimito},
	journal={Journal of chemical information and computer sciences},
	volume={35},
	number={1},
	pages={34--44},
	year={1995},
	publisher={ACS Publications}
}
@article{ihlenfeldt1996computer,
	title={Computer-assisted planning of organic syntheses: the second generation of programs},
	author={Ihlenfeldt, Wolf-Dietrich and Gasteiger, Johann},
	journal={Angewandte Chemie International Edition in English},
	volume={34},
	number={23-24},
	pages={2613--2633},
	year={1996},
	publisher={Wiley Online Library}
}
@article{todd2005computer,
	title={Computer-aided organic synthesis},
	author={Todd, Matthew H},
	journal={Chemical Society Reviews},
	volume={34},
	number={3},
	pages={247--266},
	year={2005},
	publisher={Royal Society of Chemistry}
}
@article{kayala2011learning,
	title={Learning to predict chemical reactions},
	author={Kayala, Matthew A and Azencott, Chlo{\'e}-Agathe and Chen, Jonathan H and Baldi, Pierre},
	journal={Journal of chemical information and modeling},
	volume={51},
	number={9},
	pages={2209--2222},
	year={2011},
	publisher={ACS Publications}
}
@article{kowalik2012parallel,
	title={Parallel optimization of synthetic pathways within the network of organic chemistry},
	author={Kowalik, Miko{\l}aj and Gothard, Chris M and Drews, Aaron M and Gothard, Nosheen A and Weckiewicz, Alex and Fuller, Patrick E and Grzybowski, Bartosz A and Bishop, Kyle JM},
	journal={Angewandte Chemie International Edition},
	volume={51},
	number={32},
	pages={7928--7932},
	year={2012},
	publisher={Wiley Online Library}
}
@article{christ2012mining,
	title={Mining electronic laboratory notebooks: analysis, retrosynthesis, and reaction based enumeration},
	author={Christ, Clara D and Zentgraf, Matthias and Kriegl, Jan M},
	journal={Journal of chemical information and modeling},
	volume={52},
	number={7},
	pages={1745--1756},
	year={2012},
	publisher={ACS Publications}
}
@article{cook2012computer,
	title={Computer-aided synthesis design: 40 years on},
	author={Cook, Anthony and Johnson, A Peter and Law, James and Mirzazadeh, Mahdi and Ravitz, Orr and Simon, Aniko},
	journal={Wiley Interdisciplinary Reviews: Computational Molecular Science},
	volume={2},
	number={1},
	pages={79--107},
	year={2012},
	publisher={Wiley Online Library}
}
@article{bogevig2015route,
	title={Route design in the 21st century: The IC SYNTH software tool as an idea generator for synthesis prediction},
	author={B{\o}gevig, Anders and Federsel, Hans-Jürgen and Huerta, Fernando and Hutchings, Michael G and Kraut, Hans and Langer, Thomas and L{\"o}w, Peter and Oppawsky, Christoph and Rein, Tobias and Saller, Heinz},
	journal={Organic Process Research \& Development},
	volume={19},
	number={2},
	pages={357--368},
	year={2015},
	publisher={ACS Publications}
}
@article{szymkuc2016computer,
	title={Computer-Assisted Synthetic Planning: The End of the Beginning},
	author={Szymku{\'c}, Sara and Gajewska, Ewa P and Klucznik, Tomasz and Molga, Karol and Dittwald, Piotr and Startek, Micha{\l} and Bajczyk, Micha{\l} and Grzybowski, Bartosz A},
	journal={Angewandte Chemie International Edition},
	volume={55},
	number={20},
	pages={5904--5937},
	year={2016},
	publisher={Wiley Online Library}
}

@article{weininger1988smiles,
	title={SMILES, a chemical language and information system. 1. Introduction to methodology and encoding rules},
	author={Weininger, David},
	journal={Journal of chemical information and computer sciences},
	volume={28},
	number={1},
	pages={31--36},
	year={1988},
	publisher={ACS Publications}
}

%% USPTO-50k
@article{schneider2016s,
	title={What’s what: The (nearly) definitive guide to reaction role assignment},
	author={Schneider, Nadine and Stiefl, Nikolaus and Landrum, Gregory A},
	journal={Journal of chemical information and modeling},
	volume={56},
	number={12},
	pages={2336--2346},
	year={2016},
	publisher={ACS Publications}
}
@inproceedings{vaswani2017attention,
	title={Attention is all you need},
	author={Vaswani, Ashish and Shazeer, Noam and Parmar, Niki and Uszkoreit, Jakob and Jones, Llion and Gomez, Aidan N and Kaiser, {\L}ukasz and Polosukhin, Illia},
	booktitle={Advances in neural information processing systems},
	pages={5998--6008},
	year={2017}
}
%%%%%%%%%%%%%%%%%%%%%%%%%%%%
% neural retrosynthesis
%%%%%%%%%%%%%%%%%%%%%%%%%%%%
@inproceedings{karpov2019transformer,
	title={A transformer model for retrosynthesis},
	author={Karpov, Pavel and Godin, Guillaume and Tetko, Igor V},
	booktitle={International Conference on Artificial Neural Networks},
	pages={817--830},
	year={2019},
	organization={Springer}
}
@article{coley2017computer,
	title={Computer-assisted retrosynthesis based on molecular similarity},
	author={Coley, Connor W and Rogers, Luke and Green, William H and Jensen, Klavs F},
	journal={ACS central science},
	volume={3},
	number={12},
	pages={1237--1245},
	year={2017},
	publisher={ACS Publications}
}
@article{segler2017neural,
	title={Neural-symbolic machine learning for retrosynthesis and reaction prediction},
	author={Segler, Marwin HS and Waller, Mark P},
	journal={Chemistry--A European Journal},
	volume={23},
	number={25},
	pages={5966--5971},
	year={2017},
	publisher={Wiley Online Library}
}
@article{liu2017retrosynthetic,
	title={Retrosynthetic reaction prediction using neural sequence-to-sequence models},
	author={Liu, Bowen and Ramsundar, Bharath and Kawthekar, Prasad and Shi, Jade and Gomes, Joseph and Luu Nguyen, Quang and Ho, Stephen and Sloane, Jack and Wender, Paul and Pande, Vijay},
	journal={ACS central science},
	volume={3},
	number={10},
	pages={1103--1113},
	year={2017},
	publisher={ACS Publications}
}
@article{zheng2019predicting,
	title={Predicting Retrosynthetic Reactions using Self-Corrected Transformer Neural Networks},
	author={Zheng, Shuangjia and Rao, Jiahua and Zhang, Zhongyue and Xu, Jun and Yang, Yuedong},
	journal={Journal of Chemical Information and Modeling},
	year={2019},
	publisher={ACS Publications}
}
@inproceedings{dai2019retrosynthesis,
	title={Retrosynthesis Prediction with Conditional Graph Logic Network},
	author={Dai, Hanjun and Li, Chengtao and Coley, Connor and Dai, Bo and Song, Le},
	booktitle={Advances in Neural Information Processing Systems},
	pages={8870--8880},
	year={2019}
}
@article{lin2020automatic,
	title={Automatic retrosynthetic route planning using template-free models},
	author={Lin, Kangjie and Xu, Youjun and Pei, Jianfeng and Lai, Luhua},
	journal={Chemical Science},
	volume={11},
	number={12},
	pages={3355--3364},
	year={2020},
	publisher={Royal Society of Chemistry}
}
@article{yang2019molecular,
	title={Molecular transformer unifies reaction prediction and retrosynthesis across pharma chemical space},
	author={Yang, Qingyi and Sresht, Vishnu and Bolgar, Peter and Hou, Xinjun and Klug-McLeod, Jacquelyn L and Butler, Christopher R and others},
	journal={Chemical Communications},
	volume={55},
	number={81},
	pages={12152--12155},
	year={2019},
	publisher={Royal Society of Chemistry}
}
@article{schwaller2019molecular,
	title={Molecular transformer: A model for uncertainty-calibrated chemical reaction prediction},
	author={Schwaller, Philippe and Laino, Teodoro and Gaudin, Th{\'e}ophile and Bolgar, Peter and Hunter, Christopher A and Bekas, Costas and Lee, Alpha A},
	journal={ACS central science},
	volume={5},
	number={9},
	pages={1572--1583},
	year={2019},
	publisher={ACS Publications}
}
@article{coley2019graph,
	title={A graph-convolutional neural network model for the prediction of chemical reactivity},
	author={Coley, Connor W and Jin, Wengong and Rogers, Luke and Jamison, Timothy F and Jaakkola, Tommi S and Green, William H and Barzilay, Regina and Jensen, Klavs F},
	journal={Chemical science},
	volume={10},
	number={2},
	pages={370--377},
	year={2019},
	publisher={Royal Society of Chemistry}
}
@inproceedings{xia2019tied,
	title={Tied transformers: Neural machine translation with shared encoder and decoder},
	author={Xia, Yingce and He, Tianyu and Tan, Xu and Tian, Fei and He, Di and Qin, Tao},
	booktitle={Proceedings of the AAAI Conference on Artificial Intelligence},
	volume={33},
	pages={5466--5473},
	year={2019}
}
@article{schwaller2020predicting,
	title={Predicting retrosynthetic pathways using transformer-based models and a hyper-graph exploration strategy},
	author={Schwaller, Philippe and Petraglia, Riccardo and Zullo, Valerio and Nair, Vishnu H and Haeuselmann, Rico Andreas and Pisoni, Riccardo and Bekas, Costas and Iuliano, Anna and Laino, Teodoro},
	journal={Chemical Science},
	volume={11},
	number={12},
	pages={3316--3325},
	year={2020},
	publisher={Royal Society of Chemistry}
}
@article{coley2017prediction,
	title={Prediction of organic reaction outcomes using machine learning},
	author={Coley, Connor W and Barzilay, Regina and Jaakkola, Tommi S and Green, William H and Jensen, Klavs F},
	journal={ACS central science},
	volume={3},
	number={5},
	pages={434--443},
	year={2017},
	publisher={ACS Publications}
}
@article{law2009route,
	title={Route designer: a retrosynthetic analysis tool utilizing automated retrosynthetic rule generation},
	author={Law, James and Zsoldos, Zsolt and Simon, Aniko and Reid, Darryl and Liu, Yang and Khew, Sing Yoong and Johnson, A Peter and Major, Sarah and Wade, Robert A and Ando, Howard Y},
	journal={Journal of chemical information and modeling},
	volume={49},
	number={3},
	pages={593--602},
	year={2009},
	publisher={ACS Publications}
}
@article{hartenfeller2011collection,
	title={A collection of robust organic synthesis reactions for in silico molecule design},
	author={Hartenfeller, Markus and Eberle, Martin and Meier, Peter and Nieto-Oberhuber, Cristina and Altmann, Karl-Heinz and Schneider, Gisbert and Jacoby, Edgar and Renner, Steffen},
	journal={Journal of chemical information and modeling},
	volume={51},
	number={12},
	pages={3093--3098},
	year={2011},
	publisher={ACS Publications}
}
@article{schwaller2018found,
	title={“Found in Translation”: predicting outcomes of complex organic chemistry reactions using neural sequence-to-sequence models},
	author={Schwaller, Philippe and Gaudin, Theophile and Lanyi, David and Bekas, Costas and Laino, Teodoro},
	journal={Chemical science},
	volume={9},
	number={28},
	pages={6091--6098},
	year={2018},
	publisher={Royal Society of Chemistry}
}
%%%%%%%%%%%%%%%%%%%%%%%%%%%%
% misc.
%%%%%%%%%%%%%%%%%%%%%%%%%%%%



@inproceedings{he2016deep,
	title={Deep residual learning for image recognition},
	author={He, Kaiming and Zhang, Xiangyu and Ren, Shaoqing and Sun, Jian},
	booktitle={Proceedings of the IEEE conference on computer vision and pattern recognition},
	pages={770--778},
	year={2016}
}
@unpublished{maziarka2020molecule,
	title={Molecule Attention Transformer},
	author={Maziarka, {\L}ukasz and Danel, Tomasz and Mucha, S{\l}awomir and Rataj, Krzysztof and Tabor, Jacek and Jastrz{\k{e}}bski, Stanis{\l}aw},
	note={2020, arXiv:2002.08264. arXiv.org e-Print archive. https://arxiv.org/abs/2002.08264 (accessed June 16, 2020)}
}
@unpublished{shi2020graph,
	title={A Graph to Graphs Framework for Retrosynthesis Prediction},
	author={Shi, Chence and Xu, Minkai and Guo, Hongyu and Zhang, Ming and Tang, Jian},
	note={2020, arXiv:2003.12725. arXiv.org e-Print archive. https://arxiv.org/abs/2003.12725 (accessed June 16, 2020)}
}
@unpublished{ba2016layer,
	title={Layer normalization},
	author={Ba, Jimmy Lei and Kiros, Jamie Ryan and Hinton, Geoffrey E},
	note={2016, arXiv:1607.06450. arXiv.org e-Print archive. https://arxiv.org/abs/1607.06450 (accessed June 16, 2020)}
}

@unpublished{shaw2018self,
	title={Self-attention with relative position representations},
	author={Shaw, Peter and Uszkoreit, Jakob and Vaswani, Ashish},
	note={2018, arXiv:1803.02155. arXiv.org e-Print archive. https://arxiv.org/abs/1803.02155 (accessed June 16, 2020)}
}
@unpublished{kingma2014adam,
	title={Adam: A method for stochastic optimization},
	author={Kingma, Diederik P and Ba, Jimmy},
	note={2014, arXiv:1412.6980. arXiv.org e-Print archive. https://arxiv.org/abs/1412.6980 (accessed June 16, 2020)}
}

@online{landrum2006rdkit,
	title={RDKit: Open-source cheminformatics},
	note={http://www.rdkit.org (accessed June 16, 2020)}
}
@unpublished{klein2017opennmt,
	title={Opennmt: Open-source toolkit for neural machine translation},
	author={Klein, Guillaume and Kim, Yoon and Deng, Yuntian and Senellart, Jean and Rush, Alexander M},
	note={2017, arXiv:1701.02810. arXiv.org e-Print archive. https://arxiv.org/abs/1701.02810 (accessed June 16, 2020)},
}
@unpublished{chen2019learning,
	title={Learning to make generalizable and diverse predictions for retrosynthesis},
	author={Chen, Benson and Shen, Tianxiao and Jaakkola, Tommi S and Barzilay, Regina},
	note={2019, arXiv:1910.09688. arXiv.org e-Print archive. https://arxiv.org/abs/1910.09688 (accessed July 20, 2020)},
}

@unpublished{nam2016linking,
	title={Linking the neural machine translation and the prediction of organic chemistry reactions},
	author={Nam, Juno and Kim, Jurae},
	note={2016, arXiv:1612.09529. arXiv.org e-Print archive. https://arxiv.org/abs/1612.09529 (accessed July 20, 2020)}
}
@online{reaxys,
	title={Reaxys. Elsevier Properties SA360 Park Avenue South, New York, NY 10010-1710.},
	note={http://www.reaxys.com (accessed June 16, 2020)}
}
